<record><leader>00000cas a22000007a 4500</leader><controlfield tag="001">9845399</controlfield><controlfield tag="008">830825d18691876nyuwr ne      0    0eng d</controlfield><controlfield tag="009">3781</controlfield><datafield ind1=" " ind2=" " tag="010"><subfield code="a">sn 83031437 </subfield></datafield><datafield ind1=" " ind2=" " tag="040"><subfield code="a">NPU</subfield><subfield code="b">eng</subfield><subfield code="c">NPU</subfield><subfield code="d">NYG</subfield><subfield code="d">NYS</subfield><subfield code="d">OCLCQ</subfield></datafield><datafield ind1="1" ind2=" " tag="029"><subfield code="a">AU@</subfield><subfield code="b">000020499366</subfield></datafield><datafield ind1=" " ind2=" " tag="042"><subfield code="a">msc</subfield></datafield><datafield ind1="0" ind2="0" tag="245"><subfield code="a">Home, farm and orchard.</subfield></datafield><datafield ind1=" " ind2=" " tag="260"><subfield code="a">Newburgh, N.Y. :</subfield><subfield code="b">A.A. Bensel</subfield></datafield><datafield ind1=" " ind2=" " tag="300"><subfield code="a">v. ;</subfield><subfield code="c">34 cm.</subfield></datafield><datafield ind1=" " ind2=" " tag="310"><subfield code="a">Weekly</subfield></datafield><datafield ind1="0" ind2=" " tag="362"><subfield code="a">Vol. 1, no. 1 (May 15, 1869)-v. 7, no. 9 (Apr. 1, 1876).</subfield></datafield><datafield ind1=" " ind2=" " tag="500"><subfield code="a">"A weekly rural and family paper."</subfield></datafield><datafield ind1=" " ind2="4" tag="651"><subfield code="a">Newburgh (N.Y.)</subfield><subfield code="v">Newspapers.</subfield></datafield><datafield ind1=" " ind2=" " tag="752"><subfield code="a">United States</subfield><subfield code="b">New York</subfield><subfield code="c">Orange</subfield><subfield code="d">Newburgh.</subfield></datafield></record>